@Article{Caner,
author = {Caner},
title = {•},
journal = {•},
year = {•},
OPTkey = {•},
OPTvolume = {•},
OPTnumber = {•},
OPTpages = {•},
OPTmonth = {•},
OPTnote = {•},
OPTannote = {•}
}

@Article{Dhar,
author = {Dhar, Sagnik ANDBerg, Tamara L AND Brook, Stony},
title = {High Level Describable Attributes for Predicting Aesthetics and Interestingness},
journal = {•},
year = {•},
OPTkey = {•},
OPTvolume = {•},
OPTnumber = {•},
OPTpages = {•},
OPTmonth = {•},
OPTnote = {•},
OPTannote = {•}
}

@Article{Leyvand,
author = {Leyvand, Tommer AND Cohen-Or, Daniel AND Dror, Gideon AND Lischinski, Dani},
title = {Data-driven enhancement of facial attractiveness},
journal = {ACM Transactions on Graphics},
year = {2008},
OPTkey = {•},
volume = {27},
OPTnumber = {•},
OPTpages = {•},
OPTmonth = {•},
OPTnote = {•},
OPTannote = {•}
}

@Article{Changhyung,
author = {Changhyung, Lee AND Morgan, T . Schramm AND Mireille Boutin AND Jan, P . Allebach},
title = {AN ALGORITHM FOR AUTOMATIC SKIN SMOOTHING IN DIGITAL PORTRAITS},
journal = {ACM Transactions on Graphics},
year = {},
OPTkey = {•},
OPTvolume = {27},
OPTnumber = {•},
OPTpages = {•},
OPTmonth = {•},
OPTnote = {•},
OPTannote = {•}
}